@techreport{UnbundlingInstitutionsReplicationData, 
title = {Replication Data for: Unbundling Institutions},
author = {Acemoglu, Daron and Johnson, Simon},
  year = {2005},
  type ={}, 
  institution = {MIT Economics}, 
  note = {\url{https://economics.mit.edu/faculty/acemoglu/data/aj2005} (accessed February 2021)}
}

@techreport{ColonialOriginsReplicationData,
title = {Replication Data for: The Colonial Origins of Comparative Development: An Empirical Investigation.},
author = {Acemoglu, Daron and Johnson, Simon and Robinson, James A.},
  year = {2001},
  type = {}, 
  institution = {MIT Economics}, note = {\url{https://economics.mit.edu/faculty/acemoglu/data/ajr2001} (accessed February 2021)}
}

 @techreport{OxCGRT,
 title = {Oxford COVID-19 Government Response Tracker}, 
 author = {{Blavatnik School of Government at the University of Oxford}},
 year = {2020}, 
 type ={},
 institution = {University of Oxford}, 
 note = {\url{https://covidtracker.bsg.ox.ac.uk} (accessed March 2021)}
 }
 
@techreport{CSSE, 
 title = {COVID-19 Data Repository}, 
 author = {{Center for Systems Science and Engineering at Johns Hopkins University}}, 
 year = {2021}, 
 type ={},
 institution = {Johns Hopkins University}, 
 note = {\url{https://github.com/CSSEGISandData/COVID-19} (accessed February 2021)}}
 
@techreport{easterlyReplicationData, 
title = {Replication Data for: Tropics, Germs, and Crops: How Endowments Influence Economic Development}, 
author = {Easterly, William and Levine, Ross},
year = {2003},
type = {},
institution = {Haas School of Business, University of California, Berkeley}, 
note = {\url{https://faculty.haas.berkeley.edu/ross_levine/papers.htm} (accessed February 2021)}}
 
  @techreport{centerforsystemicpeacePolity5AnnualTime2018,
  title = {Polity5 Annual Time Series, 1946-2018},
  author = {{Center for Systemic Peace}},
  year = {2018},
  type = {}, 
  institution = {Center for Systemic Peace}, 
  note = {\url{https://www.systemicpeace.org/inscrdata.html} (accessed February 2021)}}
  
  @techreport{DemocracyIndex2020,
  title = {Democracy {{Index}} 2020},
  year = {2021},
  author = {{Economist Intelligence Unit}},
  institution = {Economist Intelligence Unit}, 
  type = {},
  note = {\url{https://www.eiu.com/n/campaigns/democracy-index-2020/} (accessed February 2021)}}

@techreport{foodandagricultureassociationoftheunitednationsFAOGlobalStatistical2020,
  title = {{{FAO}} Global Statistical Yearbook},
  author = {{Food and Agriculture Association of the United Nations}},
  year = {2020},
  type = {},
  institution = {Food and Agriculture Association of the United Nations},
  note = {\url{http://www.fao.org/faostat/en/#data} (accessed February 2021)}
}

@techreport{freedomhouseFreedomWorld20202020,
  title = {Freedom in the World 2020: {{A}} Leaderless Struggle for Democracy},
  author = {{Freedom House}},
  year = {2020}, 
  type = {}, 
  institution = {Freedom House},
  note = {\url{https://freedomhouse.org/report/freedom-world/2020/leaderless-struggle-democracy} (accessed February 2021)}}

 @techreport{GooglePublicData, 
 title = {countries.csv}, 
 author = {{Google Dataset Publishing Language}}, 
 year = {2021}, 
 type ={}, 
 institution = {Google Developers}, 
 note = {\url{https://developers.google.com/public-data/docs/canonical/countries_csv} (accessed February 2021)}}
 
 @techreport{hallWhyCountriesProduceReplicationData,
title = {Replication Data for: Why {{Do Some Countries Produce So Much More Output Per Worker Than Others}}?},
  author = {Hall, Robert E. and Jones, Charles I.},
  year = {1999},
  type = {}, 
  institution = {Stanford University},
  note = {\url{https://web.stanford.edu/~chadj/HallJones400.asc} (accessed February 2021)}
  }

@techreport{internationaldiabetesfederationIDFDiabetesAtlas2019,
  title = {{{IDF}} Diabetes Atlas 2019},
  author = {{International Diabetes Federation}},
  year = {2019}, 
  type = {}, 
  institution = {International Diabetes Federation}, 
  note = {\url{https://www.diabetesatlas.org/data/en/} (accessed February 2021)}
}

@techreport{internationalmonetaryfundWorldEconomicOutlook2020,
  title = {World Economic Outlook: {{A}} Long and Difficult Ascent},
  author = {{International Monetary Fund}},
  year = {2020},
  type = {},
  institution = {International Monetary Fund}, 
  note = {\url{https://www.imf.org/external/datamapper/NGDP_RPCH@WEO/OEMDC/ADVEC/WEOWORLD} (accessed February 2021)}
}

@techreport{portaLawFinanceReplicationData,
	title = {Replication Data for: The Economic Consequences of Legal Origins},
	author = {Rafael LaPorta and Florencio Lopez-de-Silanes and Andrei Shleifer},
	year = {2008},
	type = {}, 
	institution = {Harvard University},
	note = {\url{https://scholar.harvard.edu/shleifer/publications/economic-consequences-legal-origins} (accessed February 2021)}
}

@techreport{theworldbankgroupClimateChangeKnowledge2020,
  title = {Climate Change Knowledge Portal},
  author = {{The World Bank Group}},
  year = {2020}, 
  type = {},
  institution = {The World Bank Group}, 
  note = {\url{https://climateknowledgeportal.worldbank.org/download-data} (accessed February 2021)}
}

@techreport{theworldbankgroupGDPCurrentUS2020,
  title = {{{GDP}} (Current {{US}}\$) Data},
  author = {{The World Bank Group}},
  year = {2020}, 
  type = {},
  institution = {The World Bank Group},
  note = {\url{https://data.worldbank.org/indicator/NY.GDP.MKTP.CD} (accessed February 2021)}
}

@article{mcevedyAtlasWorldPopulation1975,
  title = {Atlas of World Population History, Facts on File},
  author = {McEvedy, Colin and Jones, Richard},
  year = {1975},
  address = {{New York}},
  language = {English}
}

@techreport{unitednationsdepartmentofeconomicandsocialaffairspopulationdivisionWorldPopulationProspects2019,
  title = {World Population Prospects 2019, Online Edition. {{Rev}}. 1.},
  author = {{United Nations Department of Economic and Social Affairs, Population Division}},
  year = {2019}, 
  type = {}, 
  institution = {United Nations Department of Economic and Social Affairs}, note = {\url{https://population.un.org/wpp/} (accessed February 2021)}
}

 @techreport{CopperStatistics, 
title = {Copper Workbook February 2019},
author = {{World Bureau of Metal Statistics}},
year = {2019}, 
type = {}, 
institution = {World Bureau of Metal Statistics},
note = {\url{https://www.world-bureau.com/services-more.asp?owner=24} (accessed February 2021)}}

@techreport{SilverStatistics, 
title = {Silver Workbook February 2019},
author = {{World Bureau of Metal Statistics}},
year = {2019}, 
type = {}, 
institution = {World Bureau of Metal Statistics}, 
note = {\url{https://www.world-bureau.com/services-more.asp?owner=24} (accessed February 2021)}}


